@inproceedings{Birkedal:11,
  title =        {First Steps in Synthetic Guarded Domain Theory:
                  Step-Indexing in the Topos of Trees},
  author =       {Lars Birkedal and Rasmus Ejlers M\"ogelberg and Jan
                  Schwinghammer and Kristian St{\o}vring},
  booktitle =    {2011 IEEE 26th Annual Symposium on Logic in Computer
                  Science},
  year =         2011
}

@Article{Cohen:63,
  author =       {Cohen, Paul J.},
  title =        {THE INDEPENDENCE OF THE CONTINUUM HYPOTHESIS},
  journal =      {Proc Natl Acad Sci U S A},
  year =         1963,
  month =        {Dec},
  volume =       50,
  number =       6,
  pages =        {1143--1148},
  note =         {16578557[pmid]},
  issn =         {0027-8424},
  url =          {http://www.ncbi.nlm.nih.gov/pmc/articles/PMC221287/}
}

@article{Coquand:04,
  journal =      {Revue Internationale de Philosophie},
  title =        {About Brouwer's Fan Theorem},
  pages =        {483--489},
  year =         2004,
  author =       {Thierry Coquand},
  volume =       230
}

@Incollection{Coquand:12,
  author =       "Coquand, Thierry and Jaber, Guilhem",
  editor =       "Dybjer, P.  and Lindstr{\"o}m, Sten and Palmgren,
                  Erik and Sundholm, G.",
  title =        "A Computational Interpretation of Forcing in Type
                  Theory",
  bookTitle =    "Epistemology versus Ontology: Essays on the
                  Philosophy and Foundations of Mathematics in Honour
                  of Per Martin-L{\"o}f",
  year =         2012,
  publisher =    "Springer Netherlands",
  address =      "Dordrecht",
  pages =        "203--213",
  isbn =         "978-94-007-4435-6",
  doi =          "10.1007/978-94-007-4435-6_10",
  url =          "http://dx.doi.org/10.1007/978-94-007-4435-6_10"
}

@inproceedings{Coquand:16,
  title =        {The Independence of Markov's Principle in Type
                  Theory},
  author =       {Thierry Coquand and Bassel Mannaa},
  booktitle =    {FSCD},
  year =         2016
}

@article{Diaconescu:75,
  journal =      {Proceedings of the American Mathematical Society},
  author =       {Radu Diaconescu},
  volume =       51,
  pages =        {176--178},
  publisher =    {American Mathematical Society},
  title =        {Axiom of Choice and Complementation},
  number =       1,
  year =         1975
}

@inproceedings{Dreyer:09,
  author =       {Dreyer, Derek and Ahmed, Amal and Birkedal, Lars},
  title =        {Logical Step-Indexed Logical Relations},
  booktitle =    {Proceedings of the 2009 24th Annual IEEE Symposium
                  on Logic In Computer Science},
  series =       {LICS '09},
  year =         2009,
  pages =        {71--80},
  numpages =     10,
  url =          {http://dx.doi.org/10.1109/LICS.2009.34},
}

@book{Dummett:00,
  title =        {Elements of Intuitionism},
  author =       {Dummett, M.A.E.},
  isbn =         9780198505242,
  lccn =         00032697,
  series =       {Oxford logic guides},
  year =         2000,
  publisher =    {Clarendon Press}
}

@article{Escardo:13,
  author =       {Escard\'{o}, Mart\'{i}n},
  title =        {Continuity of G\"{o}Del's System T Definable
                  Functionals via Effectful Forcing},
  journal =      {Electron. Notes Theor. Comput. Sci.},
  issue_date =   {November, 2013},
  volume =       298,
  month =        nov,
  year =         2013,
  issn =         {1571-0661},
  pages =        {119--141},
  numpages =     23,
  url =          {http://dx.doi.org/10.1016/j.entcs.2013.09.010},
  doi =          {10.1016/j.entcs.2013.09.010},
  acmid =        2561587,
  publisher =    {Elsevier Science Publishers B. V.},
  address =      {Amsterdam, The Netherlands, The Netherlands},
}

@inproceedings{Fourman:13,
  author =       "Fourman, Michael P.",
  title =        "Continuous Truth {II}: Reflections",
  journal =    "Logic, Language, Information, and Computation: 20th
                  International Workshop, WoLLIC 2013, Darmstadt,
                  Germany, August 20-23, 2013. Proceedings",
  year =         2013,
  publisher =    "Springer Berlin Heidelberg",
  pages =        "153--167",
}

@inproceedings{Fourman:80,
  author =       {Michael P. Fourman},
  title =        {Sheaf Models for Set Theory},
  pages =        {91-101},
  journal =      {Journal of Pure and Applied Alegebra},
  volume =       19,
  year =         1980
}

@INPROCEEDINGS{Fourman:82,
  author =       {Michael P Fourman},
  title =        {Continuous truth {I}, non-constructive objects},
  booktitle =    {In Proceedings of Logic Colloquium},
  year =         1982,
  pages =        {161--180},
  publisher =    {Elsevier}
}

@phdthesis{Jaber:14,
  author    = {Guilhem Jaber},
  title     = {A logical study of program equivalence. (Une {\'{e}}tude logique
               de l'{\'{e}}quivalence de programmes)},
  school    = {{\'{E}}cole des mines de Nantes, France},
  year      = {2014},
  url       = {https://tel.archives-ouvertes.fr/tel-01126927},
  timestamp = {Thu, 30 Jun 2016 14:34:56 +0200},
  biburl    = {http://dblp.uni-trier.de/rec/bib/phd/hal/Jaber14},
  bibsource = {dblp computer science bibliography, http://dblp.org}
}

@book{Jech:08,
  title =        {The Axiom of Choice},
  author =       {Jech, T.J.},
  isbn =         9780486466248,
  lccn =         2008014612,
  series =       {Dover Books on Mathematics Series},
  year =         2008,
  publisher =    {Dover Publications}
}

@book{Johnstone:14,
  title =        {Topos Theory},
  author =       {Johnstone, P.T.},
  isbn =         9780486493367,
  lccn =         13372074,
  series =       {Dover Books on Mathematics},
  year =         2014,
  publisher =    {Dover Publications}
}

@book{MacLane:92,
  title =        {Sheaves in Geometry and Logic: A First Introduction
                  to Topos Theory},
  author =       {MacLane, S. and Moerdijk, I.},
  isbn =         9780387977102,
  lccn =         {lc91033709},
  series =       {Universitext},
  year =         1994,
  publisher =    {Springer New York}
}

@misc{Newstead:12,
  author =       {Clive Newstead},
  title =        {Boolean-Valued Models and Forcing},
  year =         2012,
  howpublished = {Available at
                  \url{http://math.cmu.edu/~cnewstea/talks/20121112.pdf}}
}

@article{Sterling:16,
  author =       {Jonathan Sterling},
  title =        {Forcing Bar Induction in {System T}},
  year =         2016,
  url =          {https://arxiv.org/abs/1608.03814},
  note =         "Preprint, under review",
  timestamp =    {10 Jan 2017},
}

@book{Troelstra:88,
  title =        {Constructivism in Mathematics},
  author =       {Troelstra, A.S. and van Dalen, D.},
  number =       {v. 1},
  isbn =         9780080570884,
  series =       {Studies in Logic and the Foundations of Mathematics},
  year =         1988,
  publisher =    {Elsevier Science}
}
